<record><leader>00000cas a22000007a 4500</leader><controlfield tag="001">18566128</controlfield><controlfield tag="008">881004d18551859nyuwr ne      0    0eng d</controlfield><datafield ind1=" " ind2=" " tag="010"><subfield code="a">sn 88074786 </subfield></datafield><datafield ind1=" " ind2=" " tag="040"><subfield code="a">NYS</subfield><subfield code="b">eng</subfield><subfield code="c">NYS</subfield><subfield code="d">OCL</subfield><subfield code="d">OCLCQ</subfield><subfield code="d">OCLCF</subfield><subfield code="d">OCLCO</subfield></datafield><datafield ind1="1" ind2=" " tag="029"><subfield code="a">AU@</subfield><subfield code="b">000020237270</subfield></datafield><datafield ind1=" " ind2=" " tag="042"><subfield code="a">msc</subfield></datafield><datafield ind1=" " ind2=" " tag="043"><subfield code="a">n-us-ny</subfield></datafield><datafield ind1="0" ind2="4" tag="245"><subfield code="a">The Lyons weekly Republican.</subfield></datafield><datafield ind1="1" ind2="3" tag="246"><subfield code="a">Lyons Republican</subfield></datafield><datafield ind1=" " ind2=" " tag="260"><subfield code="a">Lyons, N.Y. :</subfield><subfield code="b">Rodney L. Adams,</subfield><subfield code="c">1855-</subfield></datafield><datafield ind1=" " ind2=" " tag="300"><subfield code="a">v.</subfield></datafield><datafield ind1=" " ind2=" " tag="310"><subfield code="a">Weekly</subfield></datafield><datafield ind1="0" ind2=" " tag="362"><subfield code="a">Vol. 18, no. 917 (Oct. 5, 1855)-</subfield></datafield><datafield ind1="1" ind2=" " tag="362"><subfield code="a">Ceased in 1859?</subfield></datafield><datafield ind1=" " ind2="0" tag="651"><subfield code="a">Lyons (N.Y.)</subfield><subfield code="v">Newspapers.</subfield></datafield><datafield ind1=" " ind2="7" tag="655"><subfield code="a">Newspapers.</subfield><subfield code="2">fast</subfield><subfield code="0">(OCoLC)fst01423814</subfield></datafield><datafield ind1=" " ind2="7" tag="651"><subfield code="a">New York (State)</subfield><subfield code="z">Lyons.</subfield><subfield code="2">fast</subfield><subfield code="0">(OCoLC)fst01216445</subfield></datafield><datafield ind1=" " ind2=" " tag="752"><subfield code="a">United States</subfield><subfield code="b">New York</subfield><subfield code="c">Wayne</subfield><subfield code="d">Lyons.</subfield></datafield><datafield ind1="0" ind2="0" tag="780"><subfield code="t">Wayne County Whig (Lyons, N.Y.)</subfield><subfield code="w">(DLC)sn 83031525</subfield></datafield><datafield ind1="0" ind2="0" tag="785"><subfield code="t">Lyons Republican (Lyons, N.Y. : 1859)</subfield><subfield code="w">(DLC)sn 83031638</subfield></datafield></record>